@unpublished{MLia,
  author = {Michel J. Korman},
  title = {Playing Othello with Artificial Intelligence},
  year = {2003},
  note =         {},
}

@Book{lutz07:_learn_python,
  author =    {Mark Lutz},
  title =        {Learning Python},
  publisher =    {O'Reilly},
  year =         2007,
  month =     {Oct},
  edition =      {3rd edition}}

@Book{lutz06:_progr_python,
  author =    {Mark Lutz},
  title =        {Programming Python},
  publisher =    {O'Reilly},
  year =         2006,
  edition =   {3rd edition},
  month =     {Aug}}

@Book{gamma95:_desig_patter,
  author =    {Erich Gamma and Richard Helm and Ralph Johnson and
                  John Vlissides},
  title =        {Design Patterns: Elements of Reusable Object-Oriented Software},
  publisher =    {Addison-Wesley},
  year =         1995}

@Book{rappin06:_wxpyt_action,
  author =    {Noel Rappin and  Robin Dunn},
  title =        {WxPython in Action},
  publisher =    {Manning Publications},
  year =         2006,
  month =     {Mar}}

